@article{G_ng_r_2021,
  title     = {A classical, non-singular, bouncing universe},
  author    = {{\"O}zen{\c{c}} G{\"u}ng{\"o}r and Glenn D. Starkman},
  year      = {2021},
  journal   = {Journal of Cosmology and Astroparticle Physics},
  publisher = {{IOP} Publishing},
  doi       = {10.1088/1475-7516/2021/04/003},
  number    = {04},
  pages     = {003},
  url       = {https://doi.org/10.1088%2F1475-7516%2F2021%2F04%2F003},
  volume    = {2021},
}

@misc{howtocite,
  title        = {{How To Cite a Research Paper: Citation Styles Guide}},
  author       = {Imed Bouchrika},
  editor       = {Research.com},
  date         = {2021-05-01},
  howpublished = {\url{https://research.com/research/how-to-cite-a-research-paper}},
  note         = {[Accessed: Apr. 07, 2022]},
  organization = {Research.com},
  type         = {techreport},
  url          = {\url{https://research.com/research/how-to-cite-a-research-paper}},
  urldate      = {2021-05-01},
}

@book{学術論文の書き方・発表の仕方,
  title     = {学術論文の書き方・発表の仕方},
  author    = {西巻 正郎 and others},
  editor    = {電子情報通信学会},
  year      = {1976},
  publisher = {コロナ社},
}

@misc{卒論修論テンプレート,
  title        = {{卒論修論LaTeXテンプレート}},
  author       = {岡島 寛},
  editor       = {researchmap.jp},
  date         = {2024-09-19},
  howpublished = {\url{https://researchmap.jp/read0203288/published_works}},
  note         = {[Accessed: Oct. 18, 2024]},
  urldate      = {2024-09-19},
}

@book{木下是雄2001理科系の作文技術,
  title     = {理科系の作文技術},
  author    = {木下 是雄},
  year      = {2001},
  publisher = {中央公論新社},
}